%% LaTeX2e file `Final_report_tmp.bib'
%% generated by the `filecontents' environment
%% from source `Final_report_tmp' on 2015/01/07.
%%
@misc{kinaSUR,
    author = "{Ministry for Primary Industries}",
    title = {{Kina sea urchin regions in NZ}},
    howpublished = {\url{http://fs.fish.govt.nz/Page.aspx?pk=7&sc=SUR}},
    note = {Online; accessed 29 January 2014} ,
    year=2013,
}
