% HÄR KOMMER ALLA VÅRA REFERENSER VARA
@misc{ Ev3_Large_Servo_Motor,
       author = " ",
       title = "EV3 Large Servo Motor",
       year = " ",
       howpublished = "\url{http://shop.lego.com/en-US/EV3-Large-Servo-Motor-45502?fromListing=listing}"}
  
@misc{ NXT_Gyro_Sensor ,
       author = " ",
       title = "NXT Gyro Sensor",
       year = " ",
       howpublished = "\url{https://www.hitechnic.com/cgi-bin/commerce.cgi?preadd=action&key=NGY1044}"}
       
 @misc{ NXT_Acce,
       author = " ",
       title = "NXT Acce",
       year = " ",
       howpublished = "\url{https://www.hitechnic.com/cgi-bin/commerce.cgi?preadd=action&key=NAC1040}"}
       
 @misc{ IMU_sensor,
       author = " ",
       title = "Absolute IMU sensor",
       year = " ",
       howpublished = "\url{http://www.mindsensors.com/index.php?module=pagemaster&PAGE_user_op=view_page&PAGE_id=158}"} 
       
       
 @misc{ EV3spec,
       author = " ",
       title = "EV3 platform specifications",
       year = " ",
       howpublished = "\url{http://botbench.com/blog/2013/01/08/comparing-the-nxt-and-ev3-bricks/}"} 
       
    
       
       
       
